2960 4844
388 1107 918 1218 PRAEFATIO

259 1279 635 1358 aurnranass
673 1278 1059 1363 brunonem.

551 1477 753 1488 -κ--ι-ιο--ι

103 1606 175 1708 De
194 1639 257 1703 vita
271 1651 302 1702 et
320 1637 435 1726 scriptis
448 1639 587 1726 Procopii
600 1631 677 1726 qaae
693 1639 819 1704 dicenda
834 1641 951 1716 habeo,
972 1639 1116 1724 quoniam
1131 1655 1212 1702 cum·

100 1740 263 1824 Alemanni
281 1737 529 1828 disputationibus
550 1753 619 1806 sunt
639 1743 814 1820 coniuncta,
834 1740 991 1805 volamine
1002 1741 1090 1803 tertio
1106 1759 1202 1825 expo-

99 1851 220 1904 nentur.
265 1837 475 1920 Quamobrem
493 1845 553 1904 hoc
573 1847 641 1907 ioco
666 1843 787 1906 nonnisi
808 1840 901 1922 siglae
919 1851 988 1904 sunt
1007 1837 1201 1927 explicandae

99 1941 267 2016 librorum,
287 1944 394 2026 qulbus
415 1941 454 2006 ad
476 1941 682 2008 emendandos
696 1945 834 2036 debellis
847 1941 1002 2006 Iustiniani
1015 1952 1207 2005 commenta-'

29 2077 30 2080 =
98 2043 159 2105 rios
172 2045 225 2106 usi
237 2065 359 2106 sumusc
376 2065 449 2106 nam
464 2043 503 2107 dc
516 2048 635 2132 reliquis
647 2048 761 2133 scriptis
770 2067 826 2110 suo
839 2047 908 2108 ioco
921 2055 1031 2125 agetur.
1052 2043 1106 2108 Eat
1115 2045 1203 2124 igitur

184 2145 214 2209 Δ
229 2144 327 2208 codex
337 2145 511 2210 Parisiensis
523 2149 622 2228 regius
636 2155 728 2226 1702,
749 2149 873 2234 scriptus
887 2147 918 2209 in
934 2147 1119 2210 membranis
1132 2165 1211 2208 sae--

97 2249 167 2308 culo
183 2245 427 2326 tertiodecimo,
446 2250 527 2312 foliis
540 2251 652 2334 aliquot
666 2251 716 2311 hic
732 2251 792 2311 iilic
806 2271 823 2312 a
838 2269 931 2312 manu
943 2247 1108 2309 recentiore
1125 2267 1199 2332 sup-

95 2349 211 2430 pletis,
233 2345 316 2429 quod
338 2369 377 2408 ex
387 2347 530 2427 Cataiogo
546 2351 675 2429 cognovi
687 2352 750 2414 vol.
764 2349 805 2414 Π.
818 2374 849 2438 p.
864 2353 937 2415 389.
976 2347 1082 2411 Insunt
1103 2347 1214 2408 histo-1

95 2447 217 2507 riarum
231 2443 299 2504 iibri
309 2457 445 2526 quattuor
456 2447 579 2530 priores.
612 2449 668 2509 Est
682 2451 813 2532 optimae
828 2461 918 2508 notae
933 2446 1047 2520 codex,
1065 2445 1199 2506 cuimut-
1271 2530 1277 2541 Ι

98 2559 205 2607 torum
221 2545 358 2604 iocorum
373 2553 437 2604 tum
453 2541 697 2607 emendationem
712 2556 776 2607 tum
789 2541 996 2630 supplementa
1012 2542 1166 2608 debemus.

186 2644 217 2708 Β
241 2643 339 2706 codex
357 2641 530 2706 Parisiensis
547 2646 645 2724 regius
669 2651 764 2724 1699,
786 2649 958 2708 chartaceus
976 2647 1201 2730 sacculi'quinti

103 2747 231 2823 decimi,
254 2755 322 2806 octo
344 2747 519 2830 complexus
537 2744 727 2809 historiarum
748 2749 850 2810 libros.
894 2747 992 2808 Huius
1006 2767 1063 2825 ego
1080 2767 1200 2810 accurs·
1302 2767 1305 2774 ’

105 2851 161 2911 tius
186 2848 287 2910 collati
306 2847 429 2909 nonnisi
449 2847 611 2932 specimina
633 2848 781 2934 quaedam
802 2851 840 2910 ab
860 2847 1027 2912 Niebuhrio
1044 2839 1198 2932 accepi'ad

105 2973 133 3033 p.
152 2953 333 3016 175-177
352 2960 382 3010 et
396 2947 573 3014 att-547
593 2950 641 3015 cd.
660 2951 751 3015 Paris.
773 2951 918 3036 apposita.
962 2945 1051 3028 Quae
1072 2969 1120 3012 res
1139 2951 1199 3010 boc

106 3053 210 3112 habuit
232 3047 419 3111 incommodi
441 3061 474 3110 ut
492 3051 605 3134 reliqua
629 3051 763 3113 iectionis
782 3053 909 3114 varietas
932 3072 971 3114 cx
994 3049 1112 3113 duobus
1134 3051 1199 3113 aliis

108 3151 240 3214 lontibus
255 3149 385 3236 petenda
404 3152 509 3227 fucrit,
529 3171 604 3232 quos
624 3150 735 3234 alioqui
752 3173 813 3214 non
829 3136 986 3214 adiissem.
1028 3149 1108 3213 Nam
1122 3137 1198 3236 quae

110 3273 149 3314 cx
169 3274 207 3315 eo
225 3254 300 3316 libro
318 3253 351 3314 in
369 3252 563 3316 annotatione
582 3269 636 3312 saa
651 3251 747 3314 acuat
760 3253 932 3332 hlaibans,
954 3251 1062 3314 eadem
1079 3270 1136 3336 qua
1149 3253 1201 3314 iiie

110 3375 180 3416 usus
199 3366 244 3416 est
262 3355 336 3434 sigla
360 3352 477 3434 (Reg.)
498 3355 536 3415 ab
557 3351 646 3413 nobis
656 3351 832 3434 designata,
853 3375 916 3416 non
936 3357 1066 3415 referunt
1078 3353 1198 3436 plenam
1293 3381 1295 3392 2

107 3456 242 3518 iectionis
264 3455 480 3534 diversitatem,
501 3476 557 3517 nec
577 3451 649 3516 satis
670 3439 746 3517 certa
767 3453 931 3540 apographi
946 3449 1101 3515 Leidcncis
1122 3451 1199 3536 (L),
1227 3526 1233 3534 ¹

28 3603 29 3610 1
109 3559 145 3618 ab
159 3554 292 3642 Ioscpbo
307 3557 457 3636 Scaligcro
471 3557 607 3630 correcti,
629 3553 704 3619 fides
723 3567 785 3634 est,
809 3555 893 3617 cuius
910 3555 998 3616 nobis
1017 3555 1134 3639 copiam
1150 3557 1197 3616 fe-

111 3657 147 3718 cit
161 3655 265 3720 iacobi
279 3655 376 3720 Geeiii
389 3659 526 3722 amicitia.
570 3657 775 3721 correctiones
790 3655 917 3738 margini
932 3655 1021 3719 huius
1033 3656 1100 3722 iibn‘
1113 3677 1197 3720 com·

111 3759 213 3822 missas
224 3759 328 3823 litteris
341 3761 399 3822 Lm
411 3759 618 3822 indicavimus.
709 3791 711 3797 ·
1252 3757 1256 3768 '

28 3913 30 3948 3
189 3859 220 3923 V
234 3861 334 3924 Lucae
346 3859 496 3924 Hoistcnii
508 3864 713 3948 apographum
725 3862 999 3947 supplementormn
1012 3854 1123 3920 codicis
1133 3855 1197 3920 Va·-

28 3957 29 3960 ’
112 3959 215 4024 bosni:
234 3961 307 4026 aide
320 3963 545 4025 annotationem
559 3961 599 4024 ad
610 3983 642 4048 p.
654 3968 727 4038 229,
740 3967 791 4028 20.
806 3962 878 4036 245,
891 3961 921 4028 ὅ·
933 3963 1006 4034 aad,
1015 3955 1070 4024 ’1οι
1082 3955 1155 4032 276,
1166 3962 1196 4024 Β·

114 4065 181 4138 326,
192 4062 224 4128 4.
247 4061 317 4138 334,
331 4065 361 4131 4·
383 4069 454 4139 372,
469 4065 518 4130 tt.
536 4065 607 4142 497,
620 4070 668 4132 17.
689 4064 778 4130 huius
787 4062 959 4132 voluminis.
1000 4059 1146 4144 Excerpta
1158 4079 1197 4124 cx

74 4177 77 4185 ’
112 4161 167 4223 hoc
186 4161 304 4240 codice,
324 4165 376 4249 qui
397 4175 492 4228 aetate
511 4167 619 4251 pariter
643 4177 731 4250 atque
753 4165 926 4230 auctoritate
939 4171 1069 4250 praestat
1082 4159 1197 4238 ceteris,

114 4263 242 4328 iectionis
259 4267 400 4328 varietate
415 4287 487 4330 usus
502 4279 547 4330 eat
563 4264 735 4332 blaitrctusa
757 4279 791 4330 ut
802 4265 903 4330 denuo
923 4277 954 4328 et
970 4261 1132 4326 accuratius
1143 4279 1198 4322 ex-
