2960 4844
128 349 133 370 ,
234 273 339 367 m'
459 305 567 392 cu.
592 299 802 408 innuunt]
825 297 1035 371 nenium

234 485 338 545 dorent
358 503 468 548 novum
489 497 589 566 petere
610 487 790 564 Concilium,
812 489 864 568 qui
885 487 973 548 toties
993 487 1200 560 Tridentinum
1220 486 1320 548 sisere.

235 587 367 660 Quodsi
389 587 478 648 bodie
506 597 609 648 coetus
631 587 778 650 eiusmodi*
794 588 992 668 indiceretur3
1027 591 1178 665 sorbens,
1210 589 1320 648 beade-
1343 601 1348 608 '

124 763 128 772 ι
234 689 360 748 mierum
380 689 506 768 Regina,
526 709 626 750 seeum
647 701 805 771 reputans,
828 701 938 772 quanta
959 713 1027 752 cnm
1048 691 1134 752 lende
1153 690 1247 771 ipsius
1268 711 1322 751 ce·

232 791 313 850 mitis
334 793 563 871 temperaveris,
585 792 694 874 procul
715 791 806 852 dubio
829 793 982 871 suaderet,
1002 804 1038 855 ut
1057 793 1230 876 amplissimi
1249 813 1322 852 cou-

229 913 325 954 sessus
346 893 481 973 coguitor
502 895 663 974 optauerit,
695 893 907 957 reluctantibus
928 895 999 955 iicet
1018 893 1223 956 defensoribus
1244 894 1322 954 Gra·

229 997 305 1071 tiae,
339 997 402 1055 istu
422 995 553 1076 quodum
573 996 780 1056 ineluctabilis.
832 995 969 1058 vincern
991 1016 1126 1059 assensus
1146 997 1319 1072 nussim,

229 1115 304 1175 quue
325 1096 432 1158 intuo
453 1119 522 1176 erge
542 1119 573 1158 ee
592 1099 692 1159 studio
713 1098 877 1178 plurimum
899 1099 1000 1178 punite
1021 1118 1116 1180 neque
1128 1096 1246 1176 ignorat
1265 1115 1320 1159 sua

228 1197 383 1284 internae,
419 1211 455 1260 ut
475 1199 646 1262 meinos-iem
678 1201 798 1261 virtutis
826 1199 958 1280 inclytae
978 1200 1070 1264 emori
1089 1199 1210 1261 minime
1232 1197 1322 1258 sinat·

230 1300 329 1374 Qusue
358 1301 414 1360 sibi
436 1301 639 1362 charissimum
663 1305 819 1362 Securum
848 1320 957 1362 nomen
977 1298 1243 1362 enis·consecrabit
1263 1316 1320 1358 su-

231 1403 364 1486 uplibue,
399 1413 429 1463 et
448 1405 579 1483 egregiae
598 1405 632 1463 in
654 1405 758 1465 Senem
780 1402 978 1485 Apostolicam
999 1402 1201 1464 observentiee
1221 1421 1337 1478 exem,

230 1505 315 1584 plum
342 1504 510 1586 posteritati
538 1516 694 1586 proponet
736 1505 797 1566 Nos
825 1523 897 1564 vero
926 1503 1042 1563 minimi
1069 1514 1168 1566 tautae
1188 1505 1320 1586 parentis

223 1605 303 1684 8¹⁵5,
323 1605 429 1686 quibus
449 1602 508 1668 boc
528 1608 689 1688 impensius
710 1608 807 1684 faves,
830 1627 890 1686 quo
910 1605 1042 1684 iniquius
1058 1605 1095 1666 ab
1116 1605 1197 1683 iilius
1217 1604 1321 1668 adver-

230 1707 314 1768 sariie
334 1709 481 1788 petimur,
516 1707 589 1788 quid
609 1729 671 1768 non
694 1707 892 1782 efficeremue3
926 1709 953 1768 si
974 1717 1003 1768 et
1023 1705 1192 1787 promeritis
1211 1709 1245 1768 iu
1265 1729 1321 1768 nos

194 1815 196 1824 '
229 1809 305 1887 tuis,
345 1819 375 1870 et
397 1820 516 1870 nostrae
545 1829 613 1888 erge
639 1810 681 1869 Te
707 1810 856 1870 voluntati
886 1829 942 1890 per
972 1809 1100 1870 facultas
1127 1809 1320 1892 suppetereti

228 1911 373 1990 Equidem
393 1912 473 1990 scio,
501 1931 622 1988 eornm,
646 1912 823 1992 quibuscum
843 1905 929 1983 rivo,
960 1911 1104 1972 nemiuem
1125 1933 1214 1994 opera
1236 1931 1320 1990 egere

228 2033 308 2090 mea,
339 2022 374 2074 ut
395 2035 456 2094 quo
477 2015 516 2075 sit
535 2014 633 2074 animo
654 2014 821 2094 patefaciet.
864 2012 1013 2086 Quoniam
1032 2024 1130 2074 tamen
1151 2012 1321 2093 interpretis

218 2133 352 2200 prunum,
387 2113 469 2175 bend
497 2113 571 2174 adeo
592 2116 628 2174 ub
649 2113 707 2174 boc
732 2135 797 2174 meo
819 2114 1023 2176 mediocritate
1050 2116 1159 2193 ingenii
1179 2115 1321 2189 uliennnr,⁴

228 2219 361 2296 auaoepi5
404 2215 455 2276 bic
470 2216 555 2305 ¹inibi
584 2215 673 2276 liceat
697 2217 825 2277 memme
854 2217 1018 2276 communie
1046 2217 1124 2276 inter
1151 2239 1206 2276 nos
1234 2231 1317 2274 senua

227 2320 330 2401 paucis
358 2339 516 2400 exponere.
563 2321 679 2378 Certim
700 2318 851 2379 enimvero
877 2335 973 2377 meam
1000 2338 1036 2377 ac
1063 2321 1220 2380 Sociorum
1238 2335 1318 2376 meu·

227 2431 305 2498 tem,
333 2438 420 2501 quam
440 2421 600 2500 Procopii,
630 2419 757 2478 bominis
778 2419 911 2494 externi,
944 2429 1047 2500 totque
1070 2420 1177 2479 abhinc
1195 2416 1320 2476 saeculis

226 2523 356 2600 mortui,
390 2521 556 2602 explicabo.
598 2521 800 2596 Quaecunque
821 2521 853 2575 iu
883 2520 964 2593 Toga
990 2535 1145 2594 supremus
1165 2537 1241 2596 apex
1265 2516 1320 2576 tri.

226 2613 377 2684 bunaiir'un
397 2623 545 2701 postulat,
579 2639 611 2678 sa
632 2639 689 2679 nos
717 2637 831 2679 summa
850 2617 883 2676 in
904 2615 946 2675 Te
967 2615 1109 2676 miramur
1129 2614 1243 2694 omnia,
1273 2615 1321 2674 11.-

226 2741 419 2785 uuerauesnn
442 2723 659 2781 Cuncnnnsnn.
703 2703 754 2780 'nx
771 2719 886 2780 iudicio
907 2727 961 2777 tuo
982 2717 1228 2778 existimationem
1251 2735 1321 2797 pen-

226 2825 297 2890 dere
317 2833 448 2894 nostrum
467 2833 615 2904 putamus.
658 2821 693 2881 ln
713 2822 935 2898 bsrrernleutis,
964 2839 1022 2898 qua
1044 2819 1122 2880 tueri
1142 2841 1197 2880 nes
1219 2829 1250 2878 et
1269 2839 1319 2877 co.

227 2925 385 2986 honestare
407 2945 469 2984 neu
490 2925 619 2997 desinis,
653 2923 900 3003 conquiescimus.
954 2923 1113 3000 Nunquam
1134 2920 1247 3002 pigebit
1266 2919 1321 2980 ho-

228 3029 297 3090 neri
316 3037 371 3088 tuo
391 3026 511 3088 servire.
554 3025 581 3086 Δ
601 3027 645 3086 Ἔα
663 3027 771 3084 collata
792 3024 825 3084 in
844 3024 1002 3096 universus
1021 3023 1186 3102 benignitas
1200 3024 1242 3083 ita
1260 3022 1320 3082 siu.

227 3129 313 3209 gulos
330 3128 440 3206 afficit,
471 3138 508 3188 nt
527 3147 591 3206 sens
607 3149 663 3207 pro
685 3147 716 3186 se
736 3125 861 3206 quisque
883 3145 959 3186 cum·
972 3126 1071 3207 pelam
1087 3125 1168 3206 sputi
1187 3108 1321 3184 bcmines

227 3230 393 3312 prnediuet,
433 3238 495 3308 tum
517 3231 658 3311 privatim
686 3238 895 3289 commensuret
920 3229 1056 3308 Superis,
1094 3226 1128 3288 ec
1149 3227 1322 3307 pardiutun-

227 3355 295 3394 uam
315 3341 457 3415 precetur
476 3331 544 3394 Tibi
563 3331 808 3391 incolumitatem.
848 3329 928 3388 Haec
949 3344 1021 3390 vere
1039 3329 1199 3411 profitetur·

309 3467 532 3527 inuusnnrss.
554 3463 804 3528 snrtnuunu
827 3461 941 3538 num,

226 3600 340 3658 Toloese
356 3614 392 3657 ru
410 3597 469 3650 liei
486 3597 582 3652 Octob.

289 3673 517 3724 mmmm

758 3732 958 3795 uetitissiuas
983 3742 1014 3792 et
1041 3730 1319 3810 obsequentissimus

797 3817 1025 3878 CLAUDIUS
1046 3813 1319 3878 nnntunnus

799 3925 816 3964 e
836 3905 980 3966 Societste
1000 3905 1077 3964 teor.
