2960 4844
570 305 781 374 EPISTOLA.
1181 321 1219 370 xr

123 493 165 554 Te
184 494 303 575 eoepite
322 491 428 576 rediit,
447 492 526 554 viem
546 500 635 554 necte
657 487 788 554 concilii·
808 485 870 550 tuio
889 483 1074 568 expeditum
1104 485 1221 548 revexit

122 615 213 677 oper:
253 587 331 659 molo
352 594 507 676 dieripeteo
527 593 606 656 vireu
627 594 736 672 co'o'qit,
760 591 912 668 Gellieque
936 587 1081 652 univer-oio
1103 589 1220 670 optobi-

119 697 179 758 iem
202 697 372 758 Victoriam
392 695 556 761 revenerit.
596 693 667 756 Mox
696 693 798 754 nmboe
818 692 949 771 Regnum
970 689 1113 769 beorum
1148 689 1221 750 dum
1327 763 1332 771 Ι

120 799 218 860 nitere
239 799 354 878 vigeret
374 800 471 880 domi,
509 799 552 860 'de
570 797 793 861 administrante
814 793 1037 874 liempubiieem
1057 793 1150 854 altem
1171 791 1220 852 io·
1316 794 1341 832 ι·

119 903 162 960 rie
185 899 326 961 domaret
342 897 442 962 hoetee
454 944 477 976 ‚-
498 917 533 960 ec
553 899 703 982 cupplicee
724 899 837 976 Regum
858 894 1111 977 preeetentioeimo
1131 893 1225 954 ciete--

118 1011 178 1064 ret.
222 999 290 1062 ttici
310 1003 414 1064 Pucem
435 1001 624 1064 domentirum
644 1002 789 1075 fovum,
809 997 891 1060 hund
912 996 1010 1058 enecti
1028 995 1149 1056 fuirunt
1168 1011 1222 1056 ex·

119 1103 182 1164 teri
205 1123 394 1166 communem
414 1103 451 1162 eb
473 1123 508 1166 ec
528 1113 636 1184 petere.
677 1102 781 1179 uano,
811 1099 946 1179 ipeornm
967 1097 1084 1158 iniuriio
1104 1096 1226 1178 pridem
1329 1111 1338 1138 ο

118 1207 263 1286 putenm,
297 1206 378 1268 Inerr
400 1205 494 1268 Filiue
514 1205 629 1268 reverti
648 1204 754 1276 iueeit;
789 1201 989 1279 reducemque
1016 1199 1158 1274 occulato
1178 1209 1222 1256 oet

120 1306 270 1383 dmidiu5
305 1307 375 1369 ideo
403 1327 554 1388 nunqnem
577 1327 593 1366 e
614 1306 726 1368 noetrie
746 1303 887 1383 dignm
903 1301 1055 1384 pertibus,
1092 1300 1160 1382 quie
1181 1301 1224 1360 Te

119 1409 279 1470 vindicem
299 1417 331 1470 et
351 1417 525 1470 eeeertnrem
546 1407 651 1470 hebuit
677 1408 733 1469 onb
753 1405 955 1470 ementieeimo
976 1402 1123 1485 Principe.
1167 1399 1223 1465 coi
1327 1442 1331 1450 ·

123 1531 198 1572 unc
226 1513 387 1594 Procopiuo
412 1531 497 1572 moue
526 1511 559 1570 in
586 1510 690 1572 ordine
716 1509 820 1570 infimo
841 1510 953 1572 eorvire
977 1505 1096 1582 mullet,
1131 1523 1225 1584 queue

123 1611 208 1674 inter
226 1613 380 1698 primariae
401 1611 559 1694 dignitetce
586 1611 758 1676 luetinienn.
800 1612 890 1672 Urbi·
911 1611 1031 1690 quidem
1053 1607 1228 1696 Preeieotnj

120 1703 189 1774 rum
211 1716 319 1794 geooit5
352 1715 405 1776 oed
433 1736 469 1775 eo
495 1723 645 1794 tempore,
683 1735 743 1794 quo
763 1713 941 1794 Byzantium
975 1711 1226 1790 adaequatum..
1259 1749 1264 1762 ·

119 1815 205 1876 rium
230 1818 387 1898 profligari
411 1817 578 1896 Imperator
598 1815 725 1890 cineret,
762 1815 888 1876 nimium
914 1813 1050 1874 tribuene
1077 1811 1222 1892 improbis

119 1918 366 1994 megiotrotibuee
397 1939 524 1999 quornm
546 1919 637 2000 culpo
657 1915 761 1994 debet,
794 1927 830 1978 ut
849 1917 932 1998 pecie
950 1915 1222 1978 creobaldum.
1350 1965 1354 1980 ,

120 2015 212 2078 dibne
233 2021 350 2098 peioree
370 2031 475 2082 eeeent.
516 2020 606 2100 inde,
626 2029 662 2080 ut
683 2029 797 2082 oeeteru
817 2029 946 2096 tecenm,
966 2027 1037 2080 nete
1057 2027 1103 2076 eet
1122 2015 1222 2075 idiote-

72 2115 78 2124 ’
116 2119 165 2178 rie
183 2139 310 2180 ucenae
332 2124 449 2201 quedem
469 2121 522 2184 hic
543 2121 652 2184 entitur
673 2121 811 2202 nequiret
831 2120 914 2201 epud
934 2120 976 2179 Te
991 2118 1145 2194 mediteri3
1169 2115 1223 2178 ubi

28 2257 30 2276 ι
115 2221 203 2282 nihil
230 2221 386 2298 odiosum,
420 2225 472 2286 eed
493 2226 593 2284 omniu
613 2225 721 2306 pinnen
742 2233 772 2284 et
799 2241 898 2284 encore
927 2221 1016 2300 digne
1036 2218 1158 2302 publico
1178 2217 1223 2278 ui-

115 2321 220 2382 deret.
262 2325 320 2382 lieo
348 2324 467 2384 demum
487 2335 555 2386 tuen
582 2327 767 2406 ecriptnrur,
799 2323 873 2402 quid
892 2309 1009 2404 opterdt
1036 2321 1135 2398 eliud,
1166 2319 1223 2380 uiui

114 2439 230 2500 peren
252 2431 426 2498 argumento
456 2425 626 2484 seruitutem
647 2425 788 2484 dicentii
824 2424 897 2500 quid
917 2423 1052 2498 timeret,
1083 2422 1140 2482 ndei
1160 2441 1224 2483 mo-

118 2521 241 2584 doetieo
263 2519 457 2582 offensionem
478 2526 571 2582 tuno?
612 2525 691 2599 iem,
712 2525 738 2582 ei
758 2521 841 2582 illine
861 2519 1001 2602 promieei
1022 2541 1143 2598 memor,
1164 2541 1223 2602 quo

119 2643 150 2681 ee
174 2621 344 2683 obstrinxit
363 2623 395 2683 in
418 2623 504 2686 librie
519 2625 557 2686 de
577 2625 660 2686 Bello
682 2623 843 2700 (donnico,
865 2621 1029 2703 uuiqiooi·
1050 2633 1223 2685 conuener-

121 2725 181 2784 eioe
211 2725 367 2786 manderet
387 2725 498 2802 literie,
533 2735 564 2787 et
584 2745 659 2809 opue
685 2727 723 2787 ed
743 2725 802 2786 hoc
823 2745 918 2807 utque
937 2735 1055 2806 tempne
1075 2724 1223 2806 perduce-

123 2837 190 2906 ret;
226 2827 269 2886 ibi
291 2827 339 2886 Tu
359 2828 501 2890 emineree
521 2829 577 2890 nub
598 2839 726 2909 utroque
745 2831 914 2890 Lunovrco.
954 2828 1068 2888 Neuter
1087 2827 1223 2907 proiecto

124 2929 168 2986 eni
192 2927 224 2986 in
245 2945 381 2990 errorum
405 2940 547 2994 monstro.
563 2931 623 2991 odii
644 2931 783 2992 ifiniotro
810 2950 883 2994 uene
904 2937 949 2990 eet
968 2929 1049 3004 ulio,
1084 2927 1136 3006 qui
1156 2926 1224 2987 lon·

124 3029 193 3106 gine
219 3049 310 3108 quom
338 3031 383 3092 Tu
411 3055 428 3092 u
458 3052 549 3113 prece
577 3034 737 3114 pretioque
763 3031 913 3116 refugerit
957 3030 1082 3105 Quoue
1104 3031 1223 3094 celuim

125 3129 269 3210 hemerio,
301 3132 387 3200 cuiue
407 3143 557 3194 extremoe
577 3131 725 3194 echolitue
745 3133 809 3194 huc
826 3156 843 3195 o
863 3133 1035 3216 propinquo
1055 3130 1160 3192 mucor
1180 3133 1224 3192 iu-

131 3233 189 3292 ciie
207 3233 308 3313 audio,
334 3235 367 3294 in
387 3237 431 3296 Te
452 3238 532 3294 circe
553 3235 649 3315 regine
669 3237 818 3296 cenuelioe
840 3233 985 3296 fremuit?
1019 3235 1222 3294 cum-iruetre

128 3341 273 3411 sategeret
291 3335 330 3398 ed
351 3335 484 3413 sigillum
506 3337 654 3416 irreperc;
687 3347 724 3398 ut
743 3357 779 3398 ec
799 3335 916 3396 munite
945 3342 1130 3412 &merem
1146 3333 1223 3397 tito·

128 3435 208 3513 rice,
232 3455 449 3518 numerumque
468 3437 656 3518 perditorum
677 3449 804 3520 ungeret.
848 3437 935 3496 'lunc
955 3433 1096 3497 videlieet
1116 3437 1222 3499 cevieti

128 3535 425 3616 diligentissimum
446 3559 530 3600 onero
551 3539 627 3600 Lilio
649 3541 795 3600 moenium
817 3535 1042 3617 controhereut,
1064 3550 1095 3600 ct
1113 3561 1223 3602 veren-

128 3639 181 3699 doo
202 3640 374 3722 Principum
396 3641 496 3700 vultur
524 3642 675 3722 pollueret
696 3663 781 3716 cern,
816 3659 903 3721 quem
924 3641 1112 3721 indulgentie
1132 3641 1225 3702 nimie
1329 3695 1334 3710 ,

127 3741 311 3804 mollirieeot.
352 3741 454 3802 Nihilo
482 3744 551 3824 plue
568 3744 819 3824 proiecit-lurra
848 3746 996 3804 recentior
1025 3743 1225 3824 Auguetinum
1262 3719 1265 3742 Ι

126 3843 287 3922 menfiem,
323 3844 479 3925 turpieque
503 3845 626 3907 Novitee
654 3846 867 3924 Antiquiteteru
889 3846 1036 3906 einrnlene
1065 3845 1224 3907 venet-ebi-

127 3943 194 4003 iem.
246 3947 386 4024 Longino·
399 3947 604 4030 prorupissent
625 3948 764 4008 domnute
784 3949 815 4008 iu
838 3947 922 4009 coelo
942 3967 977 4008 eo
998 3947 1086 4008 terrio
1108 3944 1224 4026 copiteq

128 4045 184 4104 nini
207 4034 254 4104 Tu
277 4047 329 4106 Dei
350 4049 496 4126 Rogieque
519 4071 635 4112 ceueem
656 4058 722 4109 toto
744 4059 867 4132 pectore
888 4049 1060 4130 amplexus,
1093 4045 1224 4107 dediuee

129 4167 265 4226 opernm,
297 4157 331 4209 ut
358 4150 421 4212 onie
454 4151 566 4212 deiocu
587 4151 761 4232 prneoidiie,
777 4149 779 4152 ’
793 4151 920 4212 latebrae
948 4149 1059 4231 procui
1085 4167 1225 4227 quaerero
1285 4189 1303 4228 ,

130 4257 310 4326 cogerentur.
353 4251 472 4314 Utiuem
502 4255 578 4314 iiiuc
598 4253 724 4314 intraret
745 4253 882 4314 ceintnrie
903 4253 1021 4334 pudor,
1052 4269 1150 4330 neque
1171 4269 1222 4308 eu-
